@misc{enwiki:1144175318,
  author = {{Wikipedia contributors}},
  title  = {Drag equation --- {Wikipedia}{,} The Free Encyclopedia},
  year   = {2023},
  url    = {https://en.wikipedia.org/w/index.php?title=Drag_equation&oldid=1144175318},
  note   = {[Online; accessed 4-November-2023]}
}
@misc{enwiki:1160706380,
  author = {{Wikipedia contributors}},
  title  = {Drag coefficient --- {Wikipedia}{,} The Free Encyclopedia},
  year   = {2023},
  url    = {https://en.wikipedia.org/w/index.php?title=Drag_coefficient&oldid=1160706380},
  note   = {[Online; accessed 4-November-2023]}
}
@article{jia2023parachute,
    author = {Hua-Ming Jia and Wen-Qiang Wang and Nai-Bin Liu and Ru-Ling Lin and Shao-Teng Li},
    title = {Research on parachute opening process based on parachute-borne multibody dynamics},
    journal = {Human spaceflight},
    volume = {29},
    number = {36-42},
    year = {2023},
    issn = {1674-5825},
    doi = {10.16329/j.cnki.zrht.2023.01.007}
}
@article{gao2018achievements,
    author = {Gao Shuyi and Huang Wei},
    title = {60 Years of Achievements and Prospects of China's Spacecraft Recovery and Landing Technology},
    journal = {Spaceflight Return and Remote Sensing},
    volume = {39},
    pages = {70-78},
    year = {2018},
    issn = {1009-8518},
    doi = {}
}
@book{usatmosphere1976,
    author = {U.S. Standard Atmosphere, 1976},
    title = {U.S. Standard Atmosphere, 1976},
    publisher = {U.S. Government Printing Office},
    address = {Washington, D.C.},
    year = {1976},
}
@misc{ enwiki:1168352876,
author = "{Wikipedia contributors}",
title = "Added mass --- {Wikipedia}{,} The Free Encyclopedia",
year = "2023",
url = "https://en.wikipedia.org/w/index.php?title=Added_mass&oldid=1168352876",
note = "[Online; accessed 4-November-2023]"
}
@misc{ enwiki:1181726796,
author = "{Wikipedia contributors}",
title = "Atmosphere of Earth --- {Wikipedia}{,} The Free Encyclopedia",
year = "2023",
url = "https://en.wikipedia.org/w/index.php?title=Atmosphere_of_Earth&oldid=1181726796",
note = "[Online; accessed 5-November-2023]"
}
@misc{ enwiki:1180999934,
author = "{Wikipedia contributors}",
title = "Density of air --- {Wikipedia}{,} The Free Encyclopedia",
year = "2023",
url = "https://en.wikipedia.org/w/index.php?title=Density_of_air&oldid=1180999934",
note = "[Online; accessed 5-November-2023]"
}
@misc{ enwiki:1179305813,
author = "{Wikipedia contributors}",
title = "Barometric formula --- {Wikipedia}{,} The Free Encyclopedia",
year = "2023",
url = "https://en.wikipedia.org/w/index.php?title=Barometric_formula&oldid=1179305813",
note = "[Online; accessed 5-November-2023]"
}
@article{doi:10.2514/3.44290,
author = {FRENCH, KENNETH E.},
title = {Parachute critical opening velocity},
journal = {Journal of Aircraft},
volume = {8},
number = {8},
pages = {675-676},
year = {1971},
doi = {10.2514/3.44290},
URL = {https://doi.org/10.2514/3.44290},
eprint = {https://doi.org/10.2514/3.44290}
}
@misc{ enwiki:1183575400,
  author = "{Wikipedia contributors}",
  title = "G-force --- {Wikipedia}{,} The Free Encyclopedia",
  year = "2023",
  url = "https://en.wikipedia.org/w/index.php?title=G-force&oldid=1183575400",
  note = "[Online; accessed 5-November-2023]"
}
@article{Sui, 
  author = {Rong Sui and Wenbo Zhang}, 
  title = {Research on Critical Opening Speed of Parachute}, 
  journal = {Return and Remote Sensing}, 
  volume = {44}, 
  number = {1-8}, 
  year = {2023}, 
  issn = {1009-8518}, 
  doi = {} 
}